% Optional fields: author, title, howpublished, month, year, note
@MISC{PyZX,
  title={{PyZX: Quantum circuit optimisation using the ZX-calculus}},
  note={\href{https://github.com/quantomatic/pyzx}{\color{blue} github.com/quantomatic/pyzx}}
}

@INPROCEEDINGS{HarnyAmarCompleteness,
 author = {Hadzihasanovic, Amar and Ng, Kang Feng and Wang, Quanlong},
 title = {Two Complete Axiomatisations of Pure-state Qubit Quantum Computing},
 booktitle = {Proceedings of the 33rd Annual ACM/IEEE Symposium on Logic in Computer Science},
 series = {LICS '18},
 year = {2018},
 isbn = {978-1-4503-5583-4},
 location = {Oxford, United Kingdom},
 pages = {502--511},
 numpages = {10},
 url = {http://doi.acm.org/10.1145/3209108.3209128},
 doi = {10.1145/3209108.3209128},
 acmid = {3209128},
 publisher = {ACM},
 address = {New York, NY, USA},
 keywords = {Categorical Quantum Mechanics, Monoidal Categories, Quantum Computation, String Diagrams},
}

@article{amy2014polynomial,
  title={{Polynomial-time T-depth optimization of Clifford+ T circuits via matroid partitioning}},
  author={Amy, Matthew and Maslov, Dmitri and Mosca, Michele},
  journal={IEEE Transactions on Computer-Aided Design of Integrated Circuits and Systems},
  volume={33},
  number={10},
  pages={1476--1489},
  year={2014},
  publisher={IEEE}
}

@inproceedings{abdessaied2014quantum,
  title={Quantum circuit optimization by Hadamard gate reduction},
  author={Abdessaied, Nabila and Soeken, Mathias and Drechsler, Rolf},
  booktitle={International Conference on Reversible Computation},
  pages={149--162},
  year={2014},
  organization={Springer}
}

@article{nam2018automated,
  title={Automated optimization of large quantum circuits with continuous parameters},
  author={Nam, Yunseong and Ross, Neil J and Su, Yuan and Childs, Andrew M and Maslov, Dmitri},
  journal={npj Quantum Information},
  volume={4},
  number={1},
  pages={23},
  year={2018},
  publisher={Nature Publishing Group}
}

@article{amy2016t,
  title={{T-count optimization and Reed-Muller codes}},
  author={Amy, Matthew and Mosca, Michele},
  journal={arXiv preprint arXiv:1601.07363},
  year={2016}
}

@article{heyfron2018efficient,
  title={{An efficient quantum compiler that reduces T count}},
  author={Heyfron, Luke Ellis and Campbell, Earl},
  journal={Quantum Science and Technology},
  year={2018},
  publisher={IOP Publishing}
}

@article{di2016parallelizing,
  title={Parallelizing quantum circuit synthesis},
  author={Di Matteo, Olivia and Mosca, Michele},
  journal={Quantum Science and Technology},
  volume={1},
  number={1},
  pages={015003},
  year={2016},
  publisher={IOP Publishing}
}

@article{backens2016simplified,
  title={A simplified stabilizer zx-calculus},
  author={Backens, Miriam and Perdrix, Simon and Wang, Quanlong},
  journal={arXiv preprint arXiv:1602.04744},
  year={2016}
}

@inproceedings{jeandel2018complete,
  title={{A complete axiomatisation of the ZX-calculus for Clifford+ T quantum mechanics}},
  author={Jeandel, Emmanuel and Perdrix, Simon and Vilmart, Renaud},
  booktitle={Proceedings of the 33rd Annual ACM/IEEE Symposium on Logic in Computer Science},
  pages={559--568},
  year={2018},
  organization={ACM}
}